
@article{Dahlberg2016EfficientSM,
  title={Efficient Sparse Merkle Trees - Caching Strategies and Secure (Non-)Membership Proofs},
  author={Rasmus Dahlberg and Tobias Pulls and Roel Peeters},
  journal={IACR Cryptology ePrint Archive},
  year={2016},
  volume={2016},
  pages={683}
}

@misc{lauriekasper2012,
    author    = "Ben Laurie and Emilia Kasper",
    title     = "Revocation Transparency",
    howpublished={\url{https://www.links.org/files/RevocationTransparency.pdf}}
}

@misc{swarm,
    author =       "Viktor Tron and Aron Fischer and Daniel A. Nagy",
    title =        "Swarm: a decentralised peer-to-peer network for messaging and storage",
    year={forthcoming}
}
 
@misc{poonbuterin2017,
    author    = "Joseph Poon and Vitalik Buterin",
    title     = "Plasma: Scalable Autonomous Smart Contracts",
    howpublished={\url{http://plasma.io/plasma.pdf}},
    year = 2017
}

@misc{handshake,
    author    = "Handshake.org",
    title     = "The Handshake Protocol Paper",
    howpublished={\url{https://handshake-org.github.io/files/handshake.txt}},
    year = 2018
}

@misc{cryptoeprint:2018:678,
    author = {Ben Fisch},
    title = {PoReps: Proofs of Space on Useful Data},
    howpublished = {Cryptology ePrint Archive, Report 2018/678},
    year = {2018},
    note = {\url{https://eprint.iacr.org/2018/678}},
}

@misc{wood2015,
    author    = "Gavin Wood",
    title     = "Ethereum: A Secure decentralised generalised transaction ledger",
    howpublished={\url{https://ethereum.github.io/yellowpaper/paper.pdf}},
    year = 2015
}

@misc{plasmacashsimplespec,
    author    = "Karl Floersch",
    title     = "Plasma Cash Simple Spec",
    howpublished={\url{"https://karl.tech/plasma-cash-simple-spec/"}},
    year = 2018
}

@misc{sia, 
    author    = "David Vorick and Luke Champine",
    title     = "Sia: Simple Decentralized Storage",
    howpublished={\url{https://sia.tech/sia.pdf}},
    year = 2014
} 

@article{DBLP:journals/corr/abs-1810-02974,
  author    = {Vero Estrada{-}Gali{\~{n}}anes and
               Ethan L. Miller and
               Pascal Felber and
               Jehan{-}Fran{\c{c}}ois P{\^{a}}ris},
  title     = {Alpha Entanglement Codes: Practical Erasure Codes to Archive Data
               in Unreliable Environments},
  journal   = {CoRR},
  volume    = {abs/1810.02974},
  year      = {2018},
  url       = {http://arxiv.org/abs/1810.02974},
  archivePrefix = {arXiv},
  eprint    = {1810.02974},
  timestamp = {Wed, 31 Oct 2018 08:28:55 +0100},
  biburl    = {https://dblp.org/rec/bib/journals/corr/abs-1810-02974},
  bibsource = {dblp computer science bibliography, https://dblp.org}
}

@misc{damgard, 
    author    = "Ivan Damgard, Chaya Ganesh, and Claudio Orlandi",
    title     = "Proofs of Replication without Timing Assumptions",
    howpublished={\url{https://eprint.iacr.org/2018/654.pdf}},
    year = 2018
} 


@misc{filecoin,
   author = "Protocol Labs",
   title = "Filecoin: A Decentralized Storage Network",
   howpublished={\url{https://filecoin.io/filecoin.pdf}},
   year = 2017
}
  


@inproceedings{Weil:2006:CSH:1298455.1298485,
 author = {Weil, Sage A. and Brandt, Scott A. and Miller, Ethan L. and Long, Darrell D. E. and Maltzahn, Carlos},
 title = {Ceph: A Scalable, High-performance Distributed File System},
 booktitle = {Proceedings of the 7th Symposium on Operating Systems Design and Implementation},
 series = {OSDI '06},
 year = {2006},
 isbn = {1-931971-47-1},
 location = {Seattle, Washington},
 pages = {307--320},
 numpages = {14},
 url = {http://dl.acm.org/citation.cfm?id=1298455.1298485},
 acmid = {1298485},
 publisher = {USENIX Association},
 address = {Berkeley, CA, USA},
} 


@misc{cryptoeprint:2018:377,
    author = {Jing Chen and Sergey Gorbunov and Silvio Micali and Georgios Vlachos},
    title = {ALGORAND AGREEMENT: Super Fast and Partition Resilient Byzantine Agreement},
    howpublished = {Cryptology ePrint Archive, Report 2018/377},
    year = {2018},
    note = {\url{https://eprint.iacr.org/2018/377}},
}

@InProceedings{pietrzak:LIPIcs:2018:10152,
  author =	{Krzysztof Pietrzak},
  title =	{{Proofs of Catalytic Space}},
  booktitle =	{10th Innovations in Theoretical Computer Science  Conference (ITCS 2019)},
  pages =	{59:1--59:25},
  series =	{Leibniz International Proceedings in Informatics (LIPIcs)},
  ISBN =	{978-3-95977-095-8},
  ISSN =	{1868-8969},
  year =	{2018},
  volume =	{124},
  editor =	{Avrim Blum},
  publisher =	{Schloss Dagstuhl--Leibniz-Zentrum fuer Informatik},
  address =	{Dagstuhl, Germany},
  URL =		{http://drops.dagstuhl.de/opus/volltexte/2018/10152},
  URN =		{urn:nbn:de:0030-drops-101525},
  doi =		{10.4230/LIPIcs.ITCS.2019.59},
  annote =	{Keywords: Proofs of Space, Proofs of Replication, Blockchains}
}

@misc{storj, 
    author    = "Shawn Wilkinson et al",
    title     = "Storj: A Peer-to-Peer Cloud Storage Network",
    howpublished={\url{https://storj.io/storj.pdf}},
    year = 2016
}

@misc{radicalmarkets, 
    author    = "Eric Posner and Glen Weyl",
    title     = "Radical Markets: Uprooting Capitalism and Democracy for a Just Society",
    howpublished={\url{https://press.princeton.edu/titles/11222.html}},
    year = 2018
}

@misc{spacemesh, 
    author    = "Spacemesh Team",
    title     = "A fair, secure, decentralized and scalable cryptocurrency and a smart contracts computer",
    howpublished={\url{https://spacemesh.io/assets/built/whitepaper1.2.pdf}},
    year = 2018
} 

@misc{chia, 
    author    = "Bram Cohen",
    title     = "PROOFS OF SPACE AND TIME: REMOVING WASTE",
    howpublished={\url{https://cyber.stanford.edu/sites/default/files/bramcohen.pdf}},
    year = 2018
}

@misc{regeneratingcodes, 
    author    = "Alexandros G. Dimakis and P. Brighten Godfrey and Yunnan Wu and Martin Wainwright and Kannan Ramchandran",
    title     = "Network Coding for Distributed Storage Systems",
    howpublished={\url{https://users.ece.utexas.edu/~dimakis/RC_Journal.pdf}},
    year = 2010
}

@misc{fountaincodes, 
    author    = "D.J.C. MacKay",
    title     = "Fountain codes",
    howpublished={\url{http://citeseerx.ist.psu.edu/viewdoc/download?doi=10.1.1.381.8055&rep=rep1&type=pdf}},
    year = 2005
}

@misc{dfinity, 
    author    = "Timo Hanke and Mahnush Movahedi and Dominic Williams",
    title     = "DFINITY Technology Overview Series Consensus System",
    howpublished={\url{https://arxiv.org/pdf/1805.04548.pdf}},
    year = 2016
} 
@misc{casper, 
    author    = "Vitalik Buterin and Virgil Griffith",
    title     = "Casper the Friendly Finality Gadget",
    howpublished={\url{https://arxiv.org/abs/1710.09437}},
    year = 2015
}
@misc{stark, 
    author    = "Eli Ben-Sasson and Iddo Bentov and Yinon Horesh and Michael Riabzev",
    title     = "Scalable, transparent, and post-quantum secure computational integrity",
    howpublished={\url{https://eprint.iacr.org/2018/046.pdf}},
    year = 2018
} 

@misc{rsaaccumulators, 
    author    = "Benedikt Bunz and Ben Fisch and Dan Boneh",
    title     = "Accumulators for UTXOs",
    howpublished={\url{https://www.youtube.com/watch?v=IMzLa9B1_3E&t=3521s}},
    year = forthcoming
}