@article{Dahlberg2016EfficientSM,
  title={Efficient Sparse Merkle Trees - Caching Strategies and Secure (Non-)Membership Proofs},
  author={Rasmus Dahlberg and Tobias Pulls and Roel Peeters},
  journal={IACR Cryptology ePrint Archive},
  year={2016},
  volume={2016},
  pages={683}
}

@misc{lauriekasper2012,
    author    = "Ben Laurie and Emilia Kasper",
    title     = "Revocation Transparency",
    howpublished={\url{https://www.links.org/files/RevocationTransparency.pdf}}
}

@misc{swarm,
    author =       "Viktor Tron and Aron Fischer and Daniel A. Nagy",
    title =        "Swarm: a decentralised peer-to-peer network for messaging and storage",
    year={forthcoming}
}
 
@misc{poonbuterin2017,
    author    = "Joseph Poon and Vitalik Buterin",
    title     = "Plasma: Scalable Autonomous Smart Contracts",
    howpublished={\url{http://plasma.io/plasma.pdf}},
    year = 2017
}

@misc{wood2015,
    author    = "Gavin Wood",
    title     = "Ethereum: A Secure decentralised generalised transaction ledger",
    howpublished={\url{https://ethereum.github.io/yellowpaper/paper.pdf}},
    year = 2015
}

@misc{plasmacashsimplespec,
    author    = "Karl Floersch",
    title     = "Plasma Cash Simple Spec",
    howpublished={\url{"https://karl.tech/plasma-cash-simple-spec/"}},
    year = 2018
}
